@UNPUBLISHED {dehghani,
    author = "Dehghani, Akbar and Tristan Glatard and Emad Shihab",
    title  = "Subject Cross Validation in Human Activity Recognition",
    note   = "Available at: https://arxiv.org/abs/1904.02666"
}

@ARTICLE {banos,
    author  = "Baños, Oresti and Juan-Manuel Galvez and Miguel Damas and Hector Pomares and Ignacio Rojas",
    title   = "Window Size Impact in Human Activity Recognition",
    journal = "Sensors (Basel)",
    year    = "2014",
    pages   = "6474–6499"
}

@ARTICLE {dataset,
    author = "Baños, Oresti and Miguel Damas and Héctor Pomares and Ignacio Rojas and Máté Attila Tóth and Oliver Amft",
    title = "A benchmark dataset to evaluate sensor displacement in activity recognition",
    journal = "ACM",
    year = "2012"
}